<?xml version="1.0" encoding="UTF-8"?><collection xmlns="http://www.loc.gov/MARC21/slim"><record><leader>00419nam--2200145-i-4500</leader><controlfield tag="001">000044723</controlfield><controlfield tag="002">20161230</controlfield><controlfield tag="005">20161230201044</controlfield><controlfield tag="008">060222s1000------------r-----000-0-eng-d</controlfield><datafield ind1=" " ind2=" " tag="080"><subfield code="a">92:53.01</subfield></datafield><datafield ind1=" " ind2=" " tag="100"><subfield code="a">Timiriazev, C.A</subfield></datafield><datafield ind1=" " ind2=" " tag="245"><subfield code="a">Clasicii fizicii ruse. lomonosov, stoletov, lebedev</subfield></datafield><datafield ind1=" " ind2=" " tag="260"><subfield code="a">Bucuresti, Ed.Acad.Republicii Popular Romana, 1949, 34p</subfield></datafield><datafield ind1=" " ind2=" " tag="490"><subfield code="a">Colectia De Popularizare A Stiintei</subfield></datafield><datafield ind1=" " ind2=" " tag="852"><subfield code="a">3143</subfield></datafield></record></collection>